@MISC{nodemanual,
  AUTHOR = "Max Mustermann",
  TITLE = "Lorem ipsum",
  HOWPUBLISHED = "http://example.com/",
  YEAR = "2013"
}

@MISC{qxmanual,
  AUTHOR = "Max Mustermann",
  TITLE = "Noch ein Buch",
  HOWPUBLISHED = "http://example.org/",
  YEAR = "2009"
}
